% Encoding: ISO-8859-1

@Misc{cp2kwebsite,
  title = {{CP2K: Open Source Molecular Dynamics}},
  year  = {2018},
  note  = {https://www.cp2k.org/},
}

@Misc{bazantEIP,
  title = {{EIP} Bazant potential},
  note  = {TO BE FILLED IN},
}

@Article{ShadowGammaEstimate,
  author  = {Khaliullin, Rustam Z. and VandeVondele, Joost and Hutter, J\"urg},
  title   = {Efficient Linear-Scaling Density Functional Theory for Molecular Systems},
  journal = {Journal of Chemical Theory and Computation},
  year    = {2013},
  volume  = {9},
  number  = {10},
  pages   = {4421--4427},
  doi     = {10.1021/ct400595k},
}

@Article{flyingIceCube,
  author  = {Harvey, Stephen C. and Tan, Robert K.-Z. and Cheatham, Thomas E.},
  title   = {The flying ice cube: Velocity rescaling in molecular dynamics leads to violation of energy equipartition},
  journal = {Journal of Computational Chemistry},
  year    = {1998},
  volume  = {19},
  number  = {7},
  pages   = {726--740},
  doi     = {10.1002/(SICI)1096-987X(199805)19:7<726::AID-JCC4>3.0.CO;2-S},
}

@Article{NumericalStabilityQC,
  author  = {Knizia, Gerald and Li, Wenbin and Simon, Sven and Werner, Hans-Joachim},
  title   = {Determining the Numerical Stability of Quantum Chemistry Algorithms},
  journal = {Journal of Chemical Theory and Computation},
  year    = {2011},
  volume  = {7},
  number  = {8},
  pages   = {2387--2398},
  doi     = {10.1021/ct200239p},
}

@Article{KlavikMalossiBekasEtAl2014,
  author    = {Klav{\'\i}k, P. and Malossi, A. C. I. and Bekas, C. and Curioni, A.},
  title     = {{Changing Computing Paradigms Towards Power Efficiency}},
  journal   = {Philosophical Transactions of the Royal Society {A}: Mathematical, Physical \& Engineering Sciences},
  year      = {2014},
  volume    = {372},
  number    = {2018},
  publisher = {The Royal Society},
}

@Article{lass17-esl,
  author        = {Michael Lass and Thomas D. Kühne and Christian Plessl},
  title         = {Using Approximate Computing for the Calculation of Inverse Matrix p-th Roots},
  journal       = {IEEE Embedded Systems Letters},
  year          = {2018},
  volume        = {10},
  number        = {2},
  pages         = {33--36},
  archiveprefix = {arXiv},
  eprint        = {1703.02283},
}

@Comment{jabref-meta: databaseType:bibtex;}
